Date,Region,Product Category,Sales,COGS,Marketing Spend,Inflation Rate,Units Sold,Discount Rate,Customer Satisfaction Score,Number of Returns,Advertising Spend
2010-01-31,North,Home Goods,18684,6309,4490,2.12740387247068,222,0.2652521066702926,2.645009665540032,17,2166
2010-01-31,South,Clothing,9477,3634,3222,3.462900035122811,600,0.22836602314706242,2.8794433194551616,44,2758
2010-01-31,East,Clothing,16854,5622,1596,3.7925510003150684,833,0.13519762460820617,4.578889190400929,19,2797
2010-01-31,West,Sports,11584,10936,4634,3.5215073383162685,361,0.1423743620150836,2.9793641194900546,13,1192
2010-02-28,North,Sports,11822,10874,4115,4.735664160401788,168,0.29873662719284044,4.954402722700603,5,1691
2010-02-28,South,Beauty,19985,10576,4107,0.6407624036535726,403,0.07542332498927275,3.075594602153571,21,783
2010-02-28,East,Sports,12621,8533,1358,4.951603535536236,334,0.07684241758844296,2.202904291923231,23,2629
2010-02-28,West,Clothing,8647,10403,4364,2.8634989611242263,613,0.14865992854285962,3.483858977542484,1,2348
2010-03-31,North,Beauty,13163,9702,3777,1.251084072819094,102,0.29997402557354064,2.501890060961528,1,1057
2010-03-31,South,Clothing,19220,13458,2216,1.9821199547350177,617,0.2608609968594277,4.740952533212465,42,2487
2010-03-31,East,Clothing,7029,9557,1457,4.98381328599312,306,0.08533833332334596,1.9354999442392802,15,895
2010-03-31,West,Electronics,15599,14487,1776,0.8376040487075422,649,0.06950150431334695,2.032016078583042,5,1841
2010-04-30,North,Clothing,9294,13834,1367,1.4305314606355246,323,0.16496559349569456,4.1834780467596815,10,2179
2010-04-30,South,Sports,7670,3593,3520,0.7721368070046492,708,0.17796277212611697,4.74710421396474,10,861
2010-04-30,East,Home Goods,19762,9691,4622,2.595869047417779,728,0.07970354981763884,2.752521106705713,16,1991
2010-04-30,West,Sports,6654,11372,3197,2.35826022678554,170,0.1836106016357001,2.8168677191319493,40,2762
2010-05-31,North,Beauty,18253,11013,1196,2.023706451132058,961,0.05402951040499339,2.851472777892828,8,2013
2010-05-31,South,Sports,10355,12863,2342,4.537264975404594,512,0.014233477359328867,1.1162268252742948,18,1445
2010-05-31,East,Electronics,18999,7367,4351,1.0411508139181818,865,0.10003081761360198,4.662686823260907,6,1987
2010-05-31,West,Home Goods,12605,3866,1827,0.946066736768034,177,0.2441779392623018,3.0351370121111625,38,1168
2010-06-30,North,Home Goods,12253,11153,4520,1.6018347669751267,244,0.042369910230537114,1.7940091658602348,10,619
2010-06-30,South,Electronics,9006,11616,4466,2.9475445205314617,554,0.011112225691586765,1.0256845307138716,12,2294
2010-06-30,East,Clothing,19342,4593,3084,1.8902316539972386,160,0.17457477769058782,3.214905764084297,16,924
2010-06-30,West,Beauty,19316,13055,2035,2.300769226083905,922,0.08796650364255865,1.9202851006519515,17,2416
2010-07-31,North,Clothing,14067,14904,1546,3.77665585001467,136,0.1930781948890924,1.8842631650895694,27,763
2010-07-31,South,Clothing,17881,11308,3454,4.835026315082102,278,0.2520724625938667,1.5384817934738,12,2042
2010-07-31,East,Home Goods,15409,13655,3076,4.72293677040804,267,0.08836086233134295,1.2641466913409074,33,1770
2010-07-31,West,Beauty,18778,7387,1981,1.9138509364736105,251,0.18641995262050698,3.205426425684512,25,1451
2010-08-31,North,Home Goods,11762,4940,2171,1.6752187795574152,930,0.2412415421996647,1.1095825721806851,3,2064
2010-08-31,South,Home Goods,5206,13758,3737,3.156941050230782,111,0.21408073588332857,3.883912106665072,42,550
2010-08-31,East,Electronics,6001,7214,3856,2.6324654947865387,230,0.282890983056876,4.51844469152026,1,2814
2010-08-31,West,Sports,10751,5969,1248,1.0888083275010476,257,0.14011247958688483,1.3522495675495785,22,662
2010-09-30,North,Clothing,13411,7171,4716,1.386055567125199,982,0.19121228840884918,1.8217231409308123,36,1847
2010-09-30,South,Home Goods,9012,5236,4573,3.046132242187705,666,0.09009299663948259,2.3248662244333103,47,890
2010-09-30,East,Sports,14438,4384,1184,4.196752337736997,877,0.16890474491020357,3.512321474092545,41,2007
2010-09-30,West,Home Goods,14724,7162,1933,2.333574419073827,707,0.15069032115146597,4.623827001535459,28,1907
2010-10-31,North,Sports,14684,10977,1179,0.885493331172876,323,0.023883398404221753,4.237700734094638,46,930
2010-10-31,South,Sports,18315,14198,4348,1.545623070065399,805,0.0404355927502451,1.246966430196267,16,1849
2010-10-31,East,Sports,14154,7981,1471,2.0208738463706313,773,0.12455464162426559,2.1918708645739233,30,2872
2010-10-31,West,Electronics,18313,11955,3891,4.227610330886359,304,0.19579286910192256,3.544931561643935,20,2866
2010-11-30,North,Sports,12524,13992,4703,2.1283112768040744,647,0.18121476067827413,4.435469286316417,27,1367
2010-11-30,South,Clothing,6689,8096,3427,4.433172929840985,765,0.04502055018569221,2.5777525188649135,17,1891
2010-11-30,East,Home Goods,12806,3499,3529,1.5568268399616176,224,0.19526556249618077,3.0548973939515522,23,768
2010-11-30,West,Home Goods,13720,14519,2815,3.1369538580796323,960,0.05088831718439141,3.414576120095292,48,2462
2010-12-31,North,Home Goods,15432,7664,4544,3.4864720381894267,978,0.248298466909933,3.6282978006452176,23,1281
2010-12-31,South,Electronics,9442,11785,1528,2.1578917063893592,398,0.03029596686238009,2.410296895726344,14,1783
2010-12-31,East,Home Goods,5510,6823,3770,2.82113627947819,549,0.27643597911938583,4.246559741066721,10,2766
2010-12-31,West,Sports,6523,7179,3173,4.697799758788344,336,0.2511365873753161,4.019625288828182,13,617
2011-01-31,North,Home Goods,9069,6566,4063,2.260383718040007,223,0.07259833004000615,1.6802452376407158,43,2630
2011-01-31,South,Clothing,10499,6112,1279,3.6247534253915887,770,0.0886040924647242,3.5196163286266042,42,1520
2011-01-31,East,Electronics,8072,10048,1972,1.7613871919184585,673,0.16686935345146583,4.149851113629051,3,1346
2011-01-31,West,Home Goods,19813,5752,2378,4.72302261117316,704,0.18707854265803903,4.492150305071981,10,2820
2011-02-28,North,Clothing,10731,3986,1787,4.860473035685994,654,0.25141712527731086,3.5077075415476497,21,599
2011-02-28,South,Beauty,18070,9071,4978,4.756501350710097,322,0.1246884395828588,3.204928650980232,46,728
2011-02-28,East,Home Goods,13859,12898,2211,1.239373192702593,650,0.2882719803323788,1.8265970582712674,30,821
2011-02-28,West,Electronics,9263,5886,2952,3.315046641483496,736,0.10180956810949202,1.7294509844462649,19,2055
2011-03-31,North,Electronics,18082,3820,1222,1.5988665686246928,343,0.22696784423847843,2.550633685445144,24,1810
2011-03-31,South,Electronics,16079,4513,2583,4.007838763055306,204,0.0498587562060818,1.8993582856921285,32,2982
2011-03-31,East,Clothing,11980,5260,3527,3.9185439743354817,916,0.23404668527277034,1.8269894416661385,45,1456
2011-03-31,West,Clothing,8249,8433,4197,4.731980646174285,266,0.1489228742940941,4.778493191828495,31,1537
2011-04-30,North,Sports,7849,7645,4759,0.5485705321561751,169,0.1365347767660219,3.3286787961465305,36,2981
2011-04-30,South,Beauty,16391,14269,2664,2.514987032980704,260,0.15247592150839404,3.197225765920785,38,1359
2011-04-30,East,Beauty,18347,6848,2279,2.782442979983618,722,0.06134958281436319,1.8142783322969027,24,1298
2011-04-30,West,Beauty,8253,7408,3050,2.094609336777248,569,0.2657193206007686,4.433802041856575,20,2915
2011-05-31,North,Beauty,19831,13273,3151,4.81322984934628,612,0.15615214246913592,2.4824001643701927,2,2128
2011-05-31,South,Beauty,7991,11241,3595,1.444659251019938,973,0.032004814311840456,3.0726216887763576,48,697
2011-05-31,East,Sports,10114,9730,3228,0.7473908678428106,460,0.26001247129787014,3.992528035847573,28,1169
2011-05-31,West,Electronics,11160,4645,3093,2.3999987944338264,779,0.13119489387930006,4.802898962047758,40,1177
2011-06-30,North,Home Goods,14217,8199,1789,3.861568530792672,771,0.2905699316284076,2.074559930464151,15,929
2011-06-30,South,Sports,17622,4448,4736,2.167808246800493,498,0.032494803827919624,3.487986877953254,23,2249
2011-06-30,East,Sports,17105,6960,2534,0.7364853635111557,767,0.24290520389074793,4.382441421335226,16,1160
2011-06-30,West,Sports,18346,13858,3010,4.229578852178511,555,0.0893498604359952,1.4919453266762566,49,2406
2011-07-31,North,Beauty,7194,14564,3360,2.25585173283082,460,0.07710687778064194,1.717633730415148,40,1052
2011-07-31,South,Clothing,16218,12357,3951,4.861338316347958,195,0.24249707548408314,3.6207268959223597,12,2221
2011-07-31,East,Beauty,9917,14331,1950,1.6680446459084153,971,0.017150661619786376,2.681091517457042,45,2121
2011-07-31,West,Clothing,17697,10763,4431,2.5286040351688905,779,0.09023132875211047,3.2537484855837593,27,2240
2011-08-31,North,Clothing,15439,13502,1051,4.813126977814717,596,0.22485780698332108,1.1763073835920355,6,2183
2011-08-31,South,Sports,19821,10294,2564,4.842937631405525,963,0.2741707368275245,1.7908060242618569,31,2480
2011-08-31,East,Home Goods,16091,7948,4518,0.8446808833278951,309,0.1679276443247314,1.7434376213445755,32,1071
2011-08-31,West,Electronics,5741,12575,3898,1.598362171519503,343,0.22998001556720535,1.8122880759698798,3,2547
2011-09-30,North,Electronics,18944,9984,2571,2.715376525291735,651,0.20720825937284182,4.442581053268201,12,2844
2011-09-30,South,Home Goods,10244,10344,1102,4.98917050448532,891,0.13189476466676456,1.458768042603368,21,1347
2011-09-30,East,Electronics,12094,5827,1253,4.553101840753267,460,0.2723342652490041,4.282338232577528,46,764
2011-09-30,West,Clothing,12826,7950,1381,3.6925122521715057,181,0.27131939632691326,3.7438678993624284,46,1793
2011-10-31,North,Home Goods,6516,9462,4841,4.993764757780591,776,0.13187007135045647,3.83752612474673,10,1410
2011-10-31,South,Electronics,7919,5606,1830,1.6445276212449211,294,0.02764527996021312,4.789508927549574,18,600
2011-10-31,East,Sports,5227,4164,3207,4.598907990383261,403,0.19374022560160192,2.3304591079639727,23,1235
2011-10-31,West,Clothing,9782,9149,3331,0.5823588360674741,978,0.12254306962266903,3.523064606403173,14,2560
2011-11-30,North,Electronics,9539,4400,1429,2.2881222302111475,936,0.2421303982506368,4.92808147083631,27,2074
2011-11-30,South,Clothing,6562,6695,3058,1.9086127999961564,902,0.10961447596242933,4.920256908135354,5,2573
2011-11-30,East,Electronics,5568,6958,3721,2.6680238897615483,260,0.16839773167108016,3.7474456350182637,33,1887
2011-11-30,West,Electronics,10876,3646,2796,3.5092223541194647,151,0.20844169193644194,3.817194388293923,16,907
2011-12-31,North,Sports,11869,12626,4616,1.0184980633868357,178,0.17814081714422378,4.731123949658439,44,2667
2011-12-31,South,Clothing,9966,5300,2874,3.727012025811556,533,0.19492275831335587,4.336656220320198,41,2760
2011-12-31,East,Clothing,18759,8272,2362,4.890787494146823,959,0.07748515226508206,3.396270865134369,22,987
2011-12-31,West,Clothing,16466,4375,1509,1.9825864358150684,505,0.09810019874943457,4.546048466589898,14,586
2012-01-31,North,Electronics,13133,8679,2386,3.2726259243897413,219,0.199155987620175,1.9973119832106403,28,2981
2012-01-31,South,Electronics,18014,6304,3277,3.40948315255967,668,0.047257369172263475,2.550638901718423,27,1955
2012-01-31,East,Beauty,15893,10251,4035,1.6826274341195833,950,0.2836526779314265,1.4764766588583393,2,2127
2012-01-31,West,Home Goods,17462,7108,1358,3.700769752244693,298,0.10787593945744317,1.8996869297078103,31,2702
2012-02-29,North,Clothing,18322,12744,2426,2.599118075839139,114,0.17442557613236617,2.422210527946623,46,1511
2012-02-29,South,Clothing,7425,11953,2953,3.3874191633576802,437,0.08741624847893253,4.243664768119491,14,2419
2012-02-29,East,Clothing,12191,9246,2584,0.798283082874931,840,0.20234905445495702,1.945875403846546,29,774
2012-02-29,West,Beauty,9055,4980,2666,4.9750272995463245,593,0.1882230947362454,1.3479304852519856,33,578
2012-03-31,North,Home Goods,18473,9740,1136,2.968946845890066,303,0.2802756322010959,1.791847022497088,35,571
2012-03-31,South,Beauty,16761,3559,4015,1.1754952859275625,261,0.1849249072309336,4.351139553371587,20,617
2012-03-31,East,Home Goods,8484,5542,4296,3.2313614824114216,704,0.06599495515817784,4.997704164927121,24,604
2012-03-31,West,Sports,19998,9817,1247,3.662962432069387,302,0.017060718425713217,1.6747578899633901,37,2009
2012-04-30,North,Electronics,19646,14610,4793,2.2199332304984036,585,0.2770318933887201,4.527451153169317,13,2707
2012-04-30,South,Sports,5164,12630,4322,2.7535954814120562,431,0.08530164687607922,3.604874892346185,13,1799
2012-04-30,East,Electronics,8055,13655,3550,4.329455563650513,205,0.12176140075964997,3.0459412326884343,16,2713
2012-04-30,West,Electronics,18802,3032,1129,3.8983533622033795,332,0.16754339226878212,2.4036872170120107,29,2627
2012-05-31,North,Clothing,9270,7666,2060,3.6946591582294674,661,0.12740762403836445,2.871327154527489,10,2629
2012-05-31,South,Electronics,5822,13738,2905,4.807989500311859,421,0.17668221416507254,4.927484039757818,6,1845
2012-05-31,East,Sports,18459,3789,1660,2.986958050204848,824,0.050776910081144766,3.38966733549002,16,1766
2012-05-31,West,Clothing,9756,12186,1825,1.9542949084442915,303,0.1417368616432671,4.8776703054809145,17,1427
2012-06-30,North,Home Goods,14755,14986,3536,2.8353819275394834,364,0.24392036776695608,2.284146357528126,33,655
2012-06-30,South,Home Goods,16536,7373,2497,2.737996445379028,393,0.19906577200468395,4.765517092741443,49,2468
2012-06-30,East,Electronics,8559,5315,2940,4.175566253275342,571,0.18888769291244256,3.830230429803105,42,2540
2012-06-30,West,Sports,19218,4701,3774,0.8829104153013663,168,0.07742539387908143,3.2093140938730103,7,766
2012-07-31,North,Home Goods,19304,4446,2867,4.682976554626167,659,0.24441121938712987,2.30454205331427,13,1747
2012-07-31,South,Clothing,15099,7797,4614,4.926992644692756,737,0.1906551312945002,4.483249056898876,12,2085
2012-07-31,East,Beauty,9289,5858,3416,1.2019801510690442,594,0.20852746633080838,1.0365012567492613,12,678
2012-07-31,West,Home Goods,11788,13533,2141,2.349373962177717,865,0.1420115153512425,4.3300350833630175,40,1623
2012-08-31,North,Sports,12232,9415,1219,3.3879460180589884,703,0.2574092844787037,1.495942347574284,0,2218
2012-08-31,South,Sports,14351,10025,1965,1.3296345896233976,214,0.1697478379166645,1.2724902763450365,40,2678
2012-08-31,East,Sports,17853,6179,2978,0.7153382791721666,568,0.14135932773739798,3.2208508973958367,2,2964
2012-08-31,West,Sports,6234,12314,2084,2.4454148860903313,554,0.03931577682798649,3.369629693161902,37,2361
2012-09-30,North,Electronics,16876,4883,4937,3.506865820536595,176,0.053460186622404884,3.0581127237762593,40,2533
2012-09-30,South,Beauty,8573,6927,3486,3.7491762805749,585,0.0590105259401058,3.8240078698307074,17,2331
2012-09-30,East,Clothing,17144,6738,1642,2.1663726989127747,921,0.2990167988739029,4.870195527784473,31,1461
2012-09-30,West,Sports,14021,14372,1020,1.1522039018123902,584,0.2793904457375232,4.026740542150591,3,553
2012-10-31,North,Sports,11644,5654,2234,1.3482133518850368,802,0.12027143145577747,2.6753304798784896,10,2449
2012-10-31,South,Electronics,13953,11157,4131,3.500350426311455,600,0.05904576749997953,2.44368074454282,36,2633
2012-10-31,East,Electronics,19365,6449,2703,1.2579050825924916,431,0.06738227184299944,2.9199515624849717,16,1169
2012-10-31,West,Clothing,9781,7192,1474,1.475237288542466,269,0.19916348124010924,4.815009565980576,7,2951
2012-11-30,North,Electronics,11660,10388,2179,4.75932848260418,579,0.04926344630190009,2.4684184377526193,10,1167
2012-11-30,South,Electronics,15882,6112,4998,3.7607313797291573,858,0.1985205286888297,3.93370079817272,11,2692
2012-11-30,East,Electronics,6325,8080,1593,3.5528895259312585,182,0.16712070901852713,1.3372641067127446,23,1541
2012-11-30,West,Home Goods,17427,11732,2637,4.374164814493381,246,0.07675442367090296,1.5911513180189782,35,2050
2012-12-31,North,Beauty,5899,6105,4433,2.8014751837631073,582,0.18869628306449368,1.7359833697799902,46,1689
2012-12-31,South,Clothing,18214,12503,4951,0.7277414283040318,847,0.2734963348806882,1.3430512758329658,16,1841
2012-12-31,East,Sports,13565,10453,4086,3.557398016478278,642,0.052229092033857595,3.6423747482382565,39,1182
2012-12-31,West,Home Goods,18281,8748,1150,1.3721618909302427,935,0.15717248921481078,3.508784525105291,16,1960
2013-01-31,North,Home Goods,13191,12017,2771,3.1056437404562893,586,0.14433142399467233,2.994965388319991,3,923
2013-01-31,South,Home Goods,19238,9367,4397,4.7236047986213805,946,0.22400617846857465,4.863124205914373,45,2398
2013-01-31,East,Home Goods,5707,8435,2358,1.9327694780867457,999,0.2829518436883741,1.4736694576600153,0,2618
2013-01-31,West,Sports,9501,3964,1990,4.116909027313447,304,0.21983634589657358,4.371251602851409,5,814
2013-02-28,North,Electronics,16321,9019,1375,2.8856260698403644,854,0.08049796376686871,3.4623095338638947,30,1113
2013-02-28,South,Beauty,17024,9955,1633,3.1992609669393652,786,0.21325484590647031,4.7447229627415055,8,1463
2013-02-28,East,Beauty,11271,12163,4587,3.9358444261851737,338,0.2578138077507517,4.880455766216214,17,1974
2013-02-28,West,Clothing,11356,3800,1345,2.1887353571097066,809,0.15355105681455913,1.859407176966759,31,1401
2013-03-31,North,Clothing,11899,5427,3816,0.6348065341349979,778,0.19179526584949863,1.103918738247324,41,2572
2013-03-31,South,Home Goods,11436,8440,1204,1.549875254071835,626,0.28677105755380056,1.914901464328746,29,628
2013-03-31,East,Clothing,12193,11906,3859,4.166870349958685,812,0.21428928049690749,2.0914083627304056,29,1433
2013-03-31,West,Electronics,6994,5884,2899,2.068219796721021,299,0.07188582570032191,2.0497371950025647,5,2912
2013-04-30,North,Beauty,16290,8398,4259,2.4423525032659823,369,0.2563667943145501,4.687811815129978,37,2740
2013-04-30,South,Electronics,15070,4921,3351,4.966976504183609,795,0.2481396586126698,3.9975776651211214,10,2792
2013-04-30,East,Beauty,8362,11314,1345,1.8396770773865114,574,0.07987897148958895,2.6080976747558,40,1933
2013-04-30,West,Home Goods,14377,5391,4786,3.168690919923103,558,0.011976979216411863,3.9228535623720906,23,680
2013-05-31,North,Clothing,12321,7937,2944,1.030689139956567,591,0.08996544202437556,4.336300540900483,34,780
2013-05-31,South,Home Goods,9263,4084,1365,0.7781113117020524,115,0.29489646737462466,1.112880483792137,23,2655
2013-05-31,East,Beauty,14395,11619,4687,1.0661287373705859,693,0.19919412458512425,1.220570909467634,34,2594
2013-05-31,West,Electronics,14178,5566,2404,1.1911904095883221,307,0.2531185248248969,4.061111357608851,19,1038
2013-06-30,North,Home Goods,5980,5033,4513,1.2387242291823126,382,0.2793867501982107,4.759390425018328,14,2067
2013-06-30,South,Clothing,14182,6571,2811,1.1546429062406518,717,0.11579453456095541,2.854552145232012,23,1046
2013-06-30,East,Beauty,9658,8620,2074,2.082470053906305,865,0.13776276369632282,3.2113868647250436,43,1698
2013-06-30,West,Home Goods,18128,13049,3579,3.7982988881163022,570,0.054262187280679754,3.4264858983636572,12,908
2013-07-31,North,Clothing,8816,11832,3458,3.247761699428703,503,0.052878202228406966,1.594405019040468,19,2793
2013-07-31,South,Electronics,11990,5065,2873,1.6118827198009884,745,0.1921345470460813,1.7245569393791125,26,1383
2013-07-31,East,Sports,12693,7734,4766,2.352090467281497,331,0.1471738835260215,2.5342482359894785,14,2173
2013-07-31,West,Sports,6025,3754,1477,3.368391841355232,854,0.048147694512458206,4.257426724586142,30,1020
2013-08-31,North,Sports,11902,5156,1395,2.897549972613853,136,0.20074738399263645,2.137096557550617,48,2045
2013-08-31,South,Clothing,10838,6606,4121,3.528801256545453,235,0.299280557014517,3.0316619974202172,5,2147
2013-08-31,East,Sports,15903,4311,3355,4.374708474247868,280,0.06009900659064122,1.0762560004861768,3,2680
2013-08-31,West,Electronics,18299,12239,3119,4.83067666753538,909,0.29764540917315213,2.1642397957586583,45,2001
2013-09-30,North,Home Goods,10624,3852,4843,3.941874767874829,303,0.2696661490137008,1.0638901858640941,25,694
2013-09-30,South,Sports,10772,6493,3609,3.4774118360540065,159,0.12418157575253447,1.2771814472592862,8,1142
2013-09-30,East,Sports,6678,10696,2606,1.4147471996778318,157,0.27057215519213546,3.035532629777662,10,1085
2013-09-30,West,Sports,6905,5360,3866,1.7251152358713298,340,0.07419200589604205,2.1526121259141653,46,2084
2013-10-31,North,Home Goods,19779,14658,4455,3.1755419740915642,842,0.024457626423950496,2.5787296772082455,46,1534
2013-10-31,South,Electronics,19065,10978,3230,4.029691567066983,284,0.1036241943472789,2.754620236876438,30,1266
2013-10-31,East,Clothing,10535,12761,1625,3.0542632925522537,924,0.07584471044435835,4.810528090202668,14,2350
2013-10-31,West,Electronics,18400,12404,3604,4.369868185605021,649,0.012192741310987833,2.239326225631626,10,2071
2013-11-30,North,Electronics,19325,4806,2528,4.6337500965838325,279,0.07784390741322103,1.3098301932946979,30,1313
2013-11-30,South,Clothing,10635,5400,2176,1.0338008250758244,156,0.27435563455344864,1.058931706859478,46,1185
2013-11-30,East,Electronics,10518,11051,1793,4.2853948949213,785,0.04208967004444251,1.0941691684851769,1,1673
2013-11-30,West,Clothing,11059,10686,3274,2.501577815724907,982,0.25444187130313617,4.463863256803854,32,1111
2013-12-31,North,Beauty,18089,14062,4856,2.192696357352248,172,0.29110966153235607,2.472481855808865,44,964
2013-12-31,South,Home Goods,7937,4058,1372,3.9038173550474107,470,0.21975041298225648,4.848440355361274,39,2781
2013-12-31,East,Home Goods,6967,11653,3503,2.811994283304029,191,0.22978212581287955,3.3129718503587213,47,2920
2013-12-31,West,Electronics,5820,13317,3098,4.555242465954565,356,0.01808141830830095,2.872175394303113,4,782
2014-01-31,North,Clothing,5370,9306,3850,0.5019657529075867,398,0.10936532638392296,1.6228299003238185,29,2185
2014-01-31,South,Sports,17872,14227,1413,1.9700411404433664,162,0.1321399711015842,1.9854071384618237,23,2738
2014-01-31,East,Clothing,16303,13005,4370,4.989868383510214,357,0.062131259442947555,3.517702395488601,18,949
2014-01-31,West,Clothing,14533,14772,3556,3.633103830594296,670,0.03724216075542054,2.0532928030141515,47,767
2014-02-28,North,Home Goods,7507,4125,1592,3.9732108849661647,583,0.26518680953838897,4.67515422293658,23,2828
2014-02-28,South,Beauty,8360,5862,1177,2.2016630034109372,188,0.23812922567549183,3.493393257025405,21,2205
2014-02-28,East,Sports,14915,8646,2338,4.554443215298465,698,0.07977006200146275,4.374264765575235,24,2564
2014-02-28,West,Beauty,6269,8221,2458,3.1675203161006107,153,0.23366348171454582,1.2679539522784062,44,744
2014-03-31,North,Sports,16389,4075,3942,3.7123640533451536,652,0.10842775055938059,4.047390511249994,14,2006
2014-03-31,South,Clothing,18804,11669,4221,2.520703652649117,161,0.02899264280575284,3.485039962132876,42,2898
2014-03-31,East,Clothing,14232,11955,2350,0.9794204987853867,504,0.156270157749905,2.483595353442538,18,1318
2014-03-31,West,Home Goods,18787,14322,4366,1.521606216248283,120,0.06820618139982207,2.77262780940803,8,1855
2014-04-30,North,Electronics,8333,4688,4278,0.8975710027998303,172,0.051453823655478126,3.2085311885713557,49,2734
2014-04-30,South,Sports,13568,10347,3008,4.286297289254193,525,0.02709017379143608,1.6204465038181142,14,662
2014-04-30,East,Beauty,19969,6598,1105,4.467223887170665,738,0.14041972834288793,3.4544879104954815,11,716
2014-04-30,West,Electronics,6894,13040,4313,4.432917726107538,639,0.20926647349312846,4.443038026419785,28,2975
2014-05-31,North,Electronics,16467,12198,4972,1.0137693133162562,435,0.08949195810515387,2.66537761167661,24,2117
2014-05-31,South,Home Goods,16120,7474,4286,4.192105719520395,691,0.2012712962805582,4.973986813622361,42,2442
2014-05-31,East,Electronics,18169,11636,4500,4.524838865444966,167,0.1657859314542205,3.8395637177607322,0,2856
2014-05-31,West,Home Goods,16099,7548,3141,2.004554815057157,286,0.16815083932853597,4.5075019703425525,10,2032
2014-06-30,North,Electronics,19066,3544,2637,2.6838200621815633,161,0.2504745682118875,3.895194339816612,20,1512
2014-06-30,South,Electronics,8478,7908,1986,4.107481233430912,546,0.10278753243441192,1.74429913343337,32,817
2014-06-30,East,Clothing,7091,10514,4152,1.5756525863129218,979,0.1578690261384097,4.986249621409498,16,2660
2014-06-30,West,Home Goods,18812,7695,2015,3.351261243878446,556,0.24421482904124575,4.923353940996186,35,2277
2014-07-31,North,Sports,14396,6778,3771,4.347358561234589,178,0.08445621123148449,2.333240244266057,30,2462
2014-07-31,South,Home Goods,8815,6358,3239,1.7019355199414408,488,0.06601072561336598,4.955399646179931,13,530
2014-07-31,East,Electronics,7160,13953,2222,1.059598515674447,579,0.11308146241155533,2.636745163212446,12,2028
2014-07-31,West,Electronics,13972,4042,3626,1.5500490134521607,833,0.18645743379973392,4.8834847882728525,28,1183
2014-08-31,North,Clothing,5776,4758,4363,2.281954842662223,195,0.26786973904271844,4.677433992944177,49,1612
2014-08-31,South,Electronics,7695,14658,2150,3.7927542676710004,384,0.25422873076203223,2.5836542318471327,11,856
2014-08-31,East,Clothing,13207,8099,4444,4.215992604800792,462,0.2808987545596255,4.964783019432657,15,2949
2014-08-31,West,Clothing,6145,4334,1000,4.135180045743602,348,0.10529102500165333,2.331077684364361,48,2725
2014-09-30,North,Sports,10411,7247,4646,0.9414184635357978,834,0.06399155957596434,4.575927875755078,44,2871
2014-09-30,South,Home Goods,7771,11036,3605,2.2525860481877644,961,0.1804412961465029,4.4811923567798395,38,1194
2014-09-30,East,Home Goods,10742,4109,3959,0.6945448582962888,945,0.1748358289894484,3.905571349004801,21,1553
2014-09-30,West,Electronics,12249,11624,2243,0.5280317003764958,626,0.1092092140271823,1.9886220191650068,20,1429
2014-10-31,North,Electronics,18018,6909,2123,1.7731662084204856,821,0.2714630849336002,4.8262480720847005,1,941
2014-10-31,South,Clothing,9417,7832,1100,3.512023492098125,586,0.29650717061221576,1.9069965863074239,24,2536
2014-10-31,East,Home Goods,8927,6416,4711,4.518233224384466,484,0.24706508121109455,2.167836763690754,31,750
2014-10-31,West,Home Goods,17810,7653,1269,4.342627024944724,268,0.27264291949817937,1.5777755095069774,5,692
2014-11-30,North,Sports,12459,9670,3651,1.9935165970662645,113,0.037031139944499185,4.532407824667391,0,567
2014-11-30,South,Beauty,18725,3739,1397,4.6339325634165185,514,0.14100375136692606,2.289464222060918,28,2211
2014-11-30,East,Sports,7995,6843,4946,2.5880192561716377,816,0.01609411455835462,1.565763419975375,27,1595
2014-11-30,West,Electronics,11670,8048,2114,2.904450320133266,337,0.1980893349201,1.940800386030817,5,1616
2014-12-31,North,Beauty,11215,11491,3045,2.5909457779443175,114,0.1869359784195913,2.046907058154726,46,1265
2014-12-31,South,Sports,6617,7540,1797,4.317164386159408,790,0.20632454739314904,2.792713043135705,18,1272
2014-12-31,East,Beauty,8938,5467,4108,2.57522773406944,128,0.26707617257107974,2.907653454563035,23,1902
2014-12-31,West,Clothing,18834,10924,3357,1.0614649384730572,140,0.1337610223055989,1.2713874536741967,34,1237
2015-01-31,North,Electronics,9323,3732,2966,2.1365543181856417,727,0.290034028132116,3.79499109426379,16,830
2015-01-31,South,Electronics,8217,9766,3398,0.9117429447985685,300,0.11987019764387394,3.8837767337837357,17,2640
2015-01-31,East,Clothing,14243,5650,2802,2.336191047496315,395,0.26510583548059785,4.60221863997651,8,698
2015-01-31,West,Beauty,15868,3575,4436,1.9289973168777912,344,0.21800549749810305,4.601916333969228,35,2910
2015-02-28,North,Clothing,5387,5355,4727,3.01849087388244,761,0.16097932613610194,3.0128605767866956,29,1796
2015-02-28,South,Clothing,13872,4296,3169,2.863607160485978,705,0.21250086832532405,1.2855866302699264,20,2558
2015-02-28,East,Beauty,12905,11341,1136,0.6310233784311549,400,0.2476600840946456,2.4699517989796926,1,2133
2015-02-28,West,Beauty,9062,3994,3998,2.9437094103265933,984,0.03281037345919843,4.209084759078472,24,599
2015-03-31,North,Sports,13659,13502,3130,2.37328973173204,820,0.19957909164775578,2.4903667033936885,7,1291
2015-03-31,South,Clothing,8037,7635,3652,3.5655347242431823,692,0.2450931423903394,4.449787158781543,9,2664
2015-03-31,East,Home Goods,10660,4347,4727,4.8840245517526615,587,0.11810952426569732,2.375037941856394,49,2612
2015-03-31,West,Home Goods,7596,12662,4746,1.5091230112328968,257,0.06234292503239969,3.865513522868287,41,2603
2015-04-30,North,Beauty,16154,11842,3887,1.2400716701068535,469,0.26695661786111285,2.5733135418878508,40,1675
2015-04-30,South,Home Goods,12534,9224,4112,1.6505615096599147,216,0.10588708337224828,2.7621031203163,28,1364
2015-04-30,East,Beauty,10227,4970,2476,0.7679147381462489,807,0.021863538177490805,3.090220416142354,30,2190
2015-04-30,West,Home Goods,17413,11877,4233,2.487855886982688,950,0.1726354769549776,1.27800127105924,3,1938
2015-05-31,North,Electronics,5094,13534,4218,3.149123618871122,428,0.047834035581652085,3.203494698555066,31,1833
2015-05-31,South,Electronics,9715,4901,1644,4.16310421999947,637,0.17460214780243477,2.724541638978261,32,696
2015-05-31,East,Home Goods,10108,14450,1954,2.1709512508840936,946,0.177486200407925,2.1581549247464866,9,2300
2015-05-31,West,Sports,12740,7619,2669,2.4265232895395057,846,0.20952683028164776,2.769168377384033,20,650
2015-06-30,North,Electronics,19646,12742,2629,2.579170516573188,263,0.11687070071059348,2.584513373727542,27,1220
2015-06-30,South,Electronics,9298,12518,4213,1.5865993857222507,643,0.07996440350054627,2.8714598621264145,9,2639
2015-06-30,East,Clothing,19519,11953,3608,3.5536706372893923,695,0.253484230936243,3.610041632388214,22,2124
2015-06-30,West,Home Goods,6034,9426,3481,1.2812690763086945,853,0.1747323522172879,1.7462373164169223,4,766
2015-07-31,North,Beauty,18364,7544,4358,3.6726201561685348,589,0.18937744415751637,4.712665151791506,16,1041
2015-07-31,South,Beauty,18274,11166,3093,2.0978746438964473,509,0.13343095613938552,4.968436512216854,49,738
2015-07-31,East,Home Goods,18845,7635,2825,2.99332265567475,760,0.20204686645820497,3.3017527542973557,23,2695
2015-07-31,West,Home Goods,12290,5682,2994,4.670963082788542,303,0.12316611741040435,3.50821679635405,12,504
2015-08-31,North,Home Goods,9954,13115,2759,4.254560135759888,558,0.08925109838194008,2.0958276191882512,41,2373
2015-08-31,South,Home Goods,12203,12574,4722,3.213099515764196,305,0.15641986498980656,2.423331009591846,42,1134
2015-08-31,East,Sports,11971,6372,3721,1.4950639690043572,899,0.08215449219825792,1.0730810363125265,15,2788
2015-08-31,West,Beauty,9512,9619,3608,4.931575046047166,730,0.2556564597117615,4.76824848437591,48,1702
2015-09-30,North,Home Goods,8682,8326,1813,3.9855196622376337,597,0.12021541008560366,3.573412276486875,47,2834
2015-09-30,South,Home Goods,14376,12479,1202,4.042599762030207,216,0.2727280437969139,4.167580719955399,39,2881
2015-09-30,East,Clothing,9399,11291,2824,4.079321797041503,308,0.10858203825838397,3.3806654122932023,19,1195
2015-09-30,West,Clothing,18111,14204,2376,2.930342825384606,380,0.022706771033017773,2.62090751066305,13,2625
2015-10-31,North,Home Goods,16724,14968,1677,1.6679643073144224,427,0.012481380633850944,1.3321462835824298,23,1956
2015-10-31,South,Home Goods,9192,5928,3732,3.0061789210486327,634,0.1801790628796927,2.987171206459659,5,1678
2015-10-31,East,Electronics,5758,14468,3881,3.6594347443802677,897,0.15317042443695822,1.1843178903734208,19,2050
2015-10-31,West,Beauty,5540,8275,2538,2.584724930584401,339,0.12676619470347375,4.541401100927864,4,2615
2015-11-30,North,Beauty,5029,10304,1489,4.920389186919204,363,0.29304864347736975,1.8346466824769867,8,766
2015-11-30,South,Clothing,16896,3200,3087,3.8559128070917925,746,0.13068902639621477,2.706915803272062,19,2603
2015-11-30,East,Sports,16249,5375,3854,0.760012730895512,948,0.29652923929977687,2.1296895179265194,25,1445
2015-11-30,West,Beauty,16720,11423,4065,3.75463309043275,694,0.03841778628512224,2.967494455538133,42,2962
2015-12-31,North,Electronics,10154,5695,2456,2.37071048546368,305,0.1931808561200314,1.3829040459130026,1,1442
2015-12-31,South,Sports,19976,6480,2427,3.93210708046778,282,0.2629862802765043,4.535469153308378,18,2515
2015-12-31,East,Beauty,14369,11698,1762,4.879338091094754,841,0.06830535377085202,1.8729180374120995,0,854
2015-12-31,West,Sports,16063,12801,4770,2.0391407851997756,780,0.24920954499048728,1.1056390110827112,17,1700
2016-01-31,North,Home Goods,9879,11631,3613,2.97562945160352,336,0.1078491346471662,1.1025198896262518,24,2714
2016-01-31,South,Clothing,14014,3743,3443,2.4465232870759226,671,0.12793082253669735,1.7060706019409868,19,2584
2016-01-31,East,Electronics,9058,11357,3301,4.862582498508822,227,0.11804341483799147,1.0003309779625682,18,2127
2016-01-31,West,Home Goods,19202,4523,2256,1.8029639854230108,266,0.04307276856497901,3.798091850008282,34,525
2016-02-29,North,Clothing,7530,11755,1217,3.718582832630708,116,0.2892430601136852,3.350911564086591,33,764
2016-02-29,South,Sports,5273,4846,4913,3.8837180321449125,756,0.09229709094723751,2.2835608142129877,4,1202
2016-02-29,East,Clothing,9956,11231,1703,3.2629955653153027,437,0.24979850517717994,3.767101995439776,49,917
2016-02-29,West,Sports,7558,6055,2732,4.115871675878789,556,0.2365898729977434,2.506374165654276,15,2874
2016-03-31,North,Beauty,10382,12444,1530,0.9408749039092268,133,0.17756183706845302,3.9357239588010846,2,1388
2016-03-31,South,Sports,16592,12133,1519,4.776136303123201,932,0.036492191090540096,4.059405402793407,13,2723
2016-03-31,East,Home Goods,10038,10907,3409,2.326524877503249,683,0.11044299295121691,2.744981613320539,17,1926
2016-03-31,West,Home Goods,5487,7881,3483,4.70145153406783,451,0.07256054045436443,4.603504206797891,19,2271
2016-04-30,North,Electronics,7536,12158,1190,3.037026903570612,744,0.07317941947929334,4.355166029653491,46,1536
2016-04-30,South,Beauty,18979,4398,4683,1.7127913026320587,141,0.21449975070135216,4.001220553345199,15,778
2016-04-30,East,Sports,13301,13946,4423,1.630887557885583,178,0.10628169038160334,1.0476556077488888,21,2739
2016-04-30,West,Home Goods,7693,12227,1427,2.810598779504801,957,0.2833528773429929,4.542088740195362,7,2549
2016-05-31,North,Sports,11394,5970,4936,3.118171240377018,223,0.0214325569952002,1.758176590231416,30,2961
2016-05-31,South,Electronics,12322,12635,2626,1.3604303091126064,214,0.0670615272091495,2.384480601845729,37,667
2016-05-31,East,Clothing,6088,3060,4984,1.0686171065832828,200,0.18182617560429407,4.766050839906869,38,524
2016-05-31,West,Electronics,9043,13913,4439,3.901570346049639,349,0.13185517985682269,1.77159965801027,42,2095
2016-06-30,North,Sports,8917,7403,4857,2.582205417577421,707,0.22351880426192183,2.025175867319045,12,1688
2016-06-30,South,Home Goods,16616,11021,2076,2.568026596283347,478,0.2998789590197024,4.500877518912964,18,2133
2016-06-30,East,Home Goods,7520,3783,4192,3.092568149876057,703,0.2540143186578715,2.3294563823551524,44,1208
2016-06-30,West,Beauty,11032,10240,4738,2.9325195303074256,258,0.1636165320898407,3.718276754632621,31,1090
2016-07-31,North,Sports,9210,7736,2105,4.626021972534396,174,0.202863454164178,2.601325611580642,24,1314
2016-07-31,South,Beauty,6924,9874,1443,2.5302141280014396,732,0.1193406090853111,4.9386002861586,8,2703
2016-07-31,East,Clothing,18800,8355,3781,2.950881778277028,801,0.0381041988044163,4.1162072531437195,33,2542
2016-07-31,West,Clothing,17768,3588,3596,2.065740201038351,501,0.0683497872175708,4.716500595699035,48,2054
2016-08-31,North,Clothing,10586,11162,1136,1.7729768044952399,437,0.1921339278594695,1.0533775503700609,27,665
2016-08-31,South,Clothing,5897,12888,2275,4.819061699174143,868,0.16493199053522817,3.553878487593716,4,851
2016-08-31,East,Home Goods,12712,5056,2285,3.4046021576309484,307,0.05814828302706043,4.916764661193779,30,1191
2016-08-31,West,Home Goods,16606,3674,3454,4.027319610999985,507,0.10847052447403395,2.6926672982174753,19,1992
2016-09-30,North,Electronics,10403,4345,2047,1.275876678875032,545,0.12345078937749583,3.880150490093793,39,2935
2016-09-30,South,Clothing,10461,5328,2941,4.473698258682207,505,0.09266755239915843,3.3571813763855283,9,1483
2016-09-30,East,Home Goods,9115,5354,2377,0.887175944137832,277,0.17417289613769535,3.4043778594782736,42,890
2016-09-30,West,Sports,11252,11979,4803,1.8311304906605277,390,0.048599710179819997,3.407497635874486,35,2432
2016-10-31,North,Beauty,5303,10584,2357,3.938587401837577,892,0.025640304670166682,1.0022630400091352,23,2153
2016-10-31,South,Clothing,16575,14521,4847,4.808036489235274,887,0.0633834260277933,2.7581749421464523,12,2009
2016-10-31,East,Home Goods,11469,3356,4602,1.1009601990139475,946,0.2726056443033082,2.897227603842219,6,1116
2016-10-31,West,Electronics,9131,10451,1244,1.9769611164989218,551,0.16275515828186354,4.26349427730917,37,2112
2016-11-30,North,Beauty,8178,7237,1532,1.006420222207163,708,0.26416698117140375,4.400161011623499,22,1304
2016-11-30,South,Beauty,18591,14141,1661,1.1974935351880713,662,0.08749474298968067,2.9347565977602823,20,2252
2016-11-30,East,Electronics,15779,11516,1165,0.8129476381774023,537,0.182711005792133,2.655281132414885,25,855
2016-11-30,West,Home Goods,7230,12665,2113,4.262578233476736,853,0.09542571132083648,4.547374939325587,8,1474
2016-12-31,North,Sports,9574,8478,2259,1.3062220391126003,132,0.13140041450080564,4.252321959453317,11,686
2016-12-31,South,Beauty,6345,11185,2210,3.8407577685711964,946,0.07509518830392113,2.3907623209956927,13,725
2016-12-31,East,Electronics,18824,8988,1687,4.166850834721258,634,0.04223824320034668,3.949707039081566,35,1390
2016-12-31,West,Electronics,10902,4696,4310,0.919631979090245,397,0.202040436674114,2.921834368471376,47,1339
2017-01-31,North,Beauty,17284,6305,1565,0.514488022055851,468,0.07428350580939812,4.244267975478079,20,1938
2017-01-31,South,Electronics,15964,10326,2565,0.7688603747547496,929,0.10336643948068801,4.525190941472067,1,1144
2017-01-31,East,Home Goods,8704,6537,2063,1.080510606430982,211,0.22616934757383667,1.0976012727727662,34,1582
2017-01-31,West,Beauty,13599,4186,3664,4.805297230198068,853,0.12009661649888678,4.919233768177702,1,2305
2017-02-28,North,Sports,13286,3216,3353,2.059537231020136,681,0.28280976020561094,2.71127413071918,10,816
2017-02-28,South,Clothing,17106,13951,3167,4.847545855241901,144,0.047036612027594564,3.19408958535678,37,686
2017-02-28,East,Home Goods,6514,6010,1338,4.6342686435368154,923,0.09999507830885594,1.1419151400583178,49,2353
2017-02-28,West,Electronics,17193,7797,2841,2.6854485213385284,366,0.28769648410993703,3.6137600032954524,42,2318
2017-03-31,North,Beauty,8866,14175,3264,4.332931133713071,323,0.1518273012517897,1.3523509141946572,7,2777
2017-03-31,South,Clothing,16252,3128,1634,3.374738239908672,660,0.250804496823498,2.4534348034125117,10,572
2017-03-31,East,Clothing,11114,5279,3699,4.45461110636307,921,0.27724473609374994,2.142322227677393,27,2745
2017-03-31,West,Sports,9026,12072,2826,4.553507535356073,908,0.19651947981356363,2.5931899573675947,27,1214
2017-04-30,North,Sports,19203,14525,1330,4.018810689893999,470,0.06226585844474396,1.5130434959099395,28,2202
2017-04-30,South,Sports,9286,6419,3776,2.034605787689939,886,0.21836816478613916,3.402104085992443,28,2820
2017-04-30,East,Electronics,16951,4839,1521,1.7434297828254182,719,0.1852262936054143,4.484856670691139,29,1452
2017-04-30,West,Electronics,14318,4877,2685,1.5654479028450643,538,0.02510584857101643,4.292527779287976,37,2739
2017-05-31,North,Sports,18736,3791,4820,2.502632205748748,288,0.11542058837616179,4.99326166420739,40,1809
2017-05-31,South,Electronics,6368,9934,3843,2.21750377031986,170,0.2616200433933479,3.5399831230020946,3,1643
2017-05-31,East,Home Goods,6539,3543,4996,2.1955087775586666,415,0.11836002458634594,4.795474390447932,13,2649
2017-05-31,West,Home Goods,9637,5026,4815,2.4013287978300566,548,0.1513323792016662,4.1413881834265265,36,1176
2017-06-30,North,Sports,11162,10538,4324,3.7082713001818144,982,0.12515575246631203,2.6811314639727826,10,1719
2017-06-30,South,Sports,7518,6224,2556,3.309136574235102,659,0.09566601431725777,3.3824736912685442,40,1049
2017-06-30,East,Beauty,8586,10144,4216,4.474253876336034,425,0.21314800223902872,3.8202447248274667,19,1988
2017-06-30,West,Beauty,19851,4445,4983,1.2156058150126063,806,0.08368983037397512,1.7667674086356357,37,1964
2017-07-31,North,Sports,14970,4251,1706,1.4667286669551443,584,0.013558818210423382,1.467049139843951,16,1521
2017-07-31,South,Sports,16983,5035,4554,3.465946588900212,643,0.019837995128981642,2.3178967277288782,34,2187
2017-07-31,East,Clothing,9393,11764,1198,3.8246122444302113,517,0.03039462184779794,4.578543922704382,29,2803
2017-07-31,West,Beauty,6596,14489,3323,2.5675990435015095,945,0.12049953585081956,3.0714224182248278,14,2447
2017-08-31,North,Clothing,14160,6933,2026,3.8317969863087376,305,0.290640920578177,1.4427105163314504,9,750
2017-08-31,South,Electronics,14549,4774,2486,2.298441816818571,386,0.14129030888516012,2.9084188045548633,0,1310
2017-08-31,East,Sports,13659,3215,1514,3.191621363291739,556,0.2708169251026689,3.3500232590289847,29,1460
2017-08-31,West,Clothing,15110,8547,2788,0.5568216212173779,357,0.060954135551328836,1.5830530256909658,25,947
2017-09-30,North,Sports,18416,4727,3301,1.3205094942115774,670,0.17583375958734623,2.1030854580505043,11,2710
2017-09-30,South,Clothing,18367,10419,1544,2.1785237520016416,492,0.04469576193628519,3.4298609834670377,0,1069
2017-09-30,East,Clothing,12369,4392,2486,3.258671191351132,940,0.22860798198038143,3.236462992463225,21,1047
2017-09-30,West,Clothing,5258,7358,4681,2.117571521699256,818,0.08144836322327921,1.5324394826675887,9,2095
2017-10-31,North,Sports,13166,5066,3501,4.3362076939794765,426,0.25820910023006977,4.0112919425993185,23,628
2017-10-31,South,Beauty,17636,5101,3125,2.4737788039947906,138,0.05689260843537926,3.1947388796679137,15,1857
2017-10-31,East,Sports,9256,14705,4955,0.801402225979907,210,0.010200102361707583,3.44193320791075,30,627
2017-10-31,West,Clothing,10261,11899,2378,1.47876148521479,925,0.23244544942698256,2.8402204116769125,15,1088
2017-11-30,North,Sports,7019,13138,4078,1.4558379209655203,365,0.1587466024588968,2.653720166132044,32,1559
2017-11-30,South,Beauty,19474,6212,4094,2.169284672090501,283,0.06372746155729567,3.1884309638375186,48,2570
2017-11-30,East,Clothing,9186,12958,1498,1.484391422836936,948,0.09268261289277636,3.781300667465742,0,1383
2017-11-30,West,Electronics,11414,6374,4520,0.8743819618002273,514,0.2022583128189053,1.9227301825879417,33,2191
2017-12-31,North,Sports,7636,13713,2076,3.626279831269845,637,0.18292142201470948,1.051718833923811,16,1032
2017-12-31,South,Electronics,5451,12609,4789,3.3320662190254144,531,0.20873807561509256,1.455214473707585,40,2518
2017-12-31,East,Clothing,14570,7699,2490,0.5866016837241919,301,0.12474687987759282,4.701809974559303,3,1826
2017-12-31,West,Clothing,10584,13231,1938,4.475194969335137,484,0.09110498599848653,2.725085483949456,1,2682
2018-01-31,North,Beauty,11180,5710,4487,2.8325117800508073,222,0.09114453988998523,4.331134183633284,24,2774
2018-01-31,South,Sports,14146,11074,1521,1.6207012775575096,589,0.28215516345202296,3.998137488053633,34,1632
2018-01-31,East,Sports,19122,6418,4021,3.487657261848398,777,0.27057030645632246,4.834283274052021,22,807
2018-01-31,West,Home Goods,19504,9244,4445,4.103261909348035,147,0.03682944510321249,1.2779939829068474,0,1920
2018-02-28,North,Electronics,6304,6820,3466,1.4668607845023842,639,0.28764931504448005,2.8499630618660854,36,2207
2018-02-28,South,Home Goods,10282,9728,1554,0.7365161488555664,862,0.2930380683868805,4.034572866270892,15,2498
2018-02-28,East,Sports,15821,13132,1984,3.4106171436264696,213,0.1451725953985104,2.7196821461408196,36,2650
2018-02-28,West,Home Goods,16604,14361,4164,1.2862286647128884,540,0.18301851069893943,4.758712670689957,49,767
2018-03-31,North,Clothing,7361,8733,1348,0.7249964971194636,395,0.10378293952066125,2.0938140666029557,2,1474
2018-03-31,South,Home Goods,18732,6434,3995,2.7833407030687916,399,0.02014470065352395,3.6963659183412,9,1590
2018-03-31,East,Sports,11653,4692,4213,3.248404811523045,421,0.258664941461852,3.75416387034744,29,1988
2018-03-31,West,Beauty,11584,10894,3856,4.455866825820532,836,0.29938102655217824,2.7117671293945977,14,2844
2018-04-30,North,Sports,5829,11427,1944,4.998819384514673,811,0.09027650808419925,3.0142758648343664,20,804
2018-04-30,South,Electronics,19399,6708,1640,2.4820304431026754,548,0.168587383914256,3.5324902936096034,31,2288
2018-04-30,East,Beauty,8962,5200,3931,1.7078464493159309,130,0.014811204661336674,4.548641242796784,49,2701
2018-04-30,West,Clothing,11690,5811,1299,4.186546017801208,744,0.07777119182521709,3.6153514333236365,41,835
2018-05-31,North,Sports,15110,13346,2093,3.3141521893911268,869,0.2211358157769334,4.936881921240495,23,1622
2018-05-31,South,Sports,19479,3461,2155,3.590693557051787,360,0.19502156806954035,1.4118230971670678,14,1797
2018-05-31,East,Clothing,11034,3549,1555,2.63978868660066,576,0.23775949496275378,2.027642976524704,19,801
2018-05-31,West,Sports,8294,13990,2979,4.03972734488455,330,0.14324720320218975,2.066721799964274,11,2040
2018-06-30,North,Home Goods,11282,7792,2660,1.1883217152849486,460,0.08576868088358892,2.9856326052192035,32,1703
2018-06-30,South,Sports,19932,13869,2164,2.779411901892161,971,0.2873922080262575,3.8829160590203964,17,688
2018-06-30,East,Beauty,10355,4758,4099,2.256464314102515,450,0.08165837345362387,1.553629533499321,0,941
2018-06-30,West,Beauty,17185,6564,2276,1.2084845965610274,832,0.08589024667588437,4.846275007173462,1,2288
2018-07-31,North,Clothing,19238,5768,4559,1.7869165703895051,675,0.118863088806826,1.0680701901094856,0,813
2018-07-31,South,Home Goods,16492,5361,1877,0.6258432688524728,956,0.07926011421079258,3.070969654395296,38,1195
2018-07-31,East,Clothing,9124,3468,4783,1.2628555757317899,390,0.16359995494345905,2.4026761630839855,37,937
2018-07-31,West,Beauty,15372,14844,1334,1.994511663852363,374,0.08399084398197368,1.7681856007978025,38,1782
2018-08-31,North,Home Goods,15379,11876,2839,3.321911013050944,778,0.0572648169973868,3.278774012274764,20,1748
2018-08-31,South,Beauty,6350,5206,1313,3.219546823298673,720,0.13417648781724512,3.956594025530618,23,1385
2018-08-31,East,Electronics,6508,9467,3134,0.6058554201885595,280,0.24875076410653746,2.2046286378533932,24,949
2018-08-31,West,Home Goods,13679,8872,2342,0.9755961474269447,352,0.031622408666521724,4.615256462101197,29,2610
2018-09-30,North,Electronics,18971,4547,3961,2.6112299354268567,645,0.05553423653832454,2.065485055524566,23,881
2018-09-30,South,Electronics,8350,3786,3339,3.627418756351665,597,0.11524715383755738,4.350142470921311,0,706
2018-09-30,East,Beauty,14785,9165,3859,4.110590826803259,671,0.22332029534416745,3.5705801053115875,39,2050
2018-09-30,West,Clothing,18855,6696,2346,1.6917294649496215,442,0.06694893204006389,1.0432473339810309,44,1007
2018-10-31,North,Home Goods,19671,11168,1527,4.24599097133348,977,0.29255188787412,1.6813374379778732,40,2069
2018-10-31,South,Beauty,13699,3995,1793,1.6679773349728124,763,0.07528679741717742,3.0647027628765677,0,2906
2018-10-31,East,Beauty,18174,7640,4091,2.689537777036769,107,0.2700236498187932,3.7252296985849815,4,521
2018-10-31,West,Sports,11238,14053,3819,2.499489341865371,936,0.04309445064362488,3.6422573140651378,28,2579
2018-11-30,North,Clothing,14213,13152,2978,4.356506323067945,144,0.22658443217632485,3.7360017076954075,9,1634
2018-11-30,South,Beauty,16273,5518,3486,0.624942784510198,427,0.24662126609879362,4.3390822223467795,6,2991
2018-11-30,East,Electronics,8212,4474,1824,3.6924064353120647,804,0.24699619239291515,3.9280262292299177,9,2491
2018-11-30,West,Electronics,8646,8541,2724,1.9544959029925542,372,0.11360000478402113,3.4933004821628604,41,1343
2018-12-31,North,Electronics,16248,13315,1545,4.399839255347885,997,0.18393010172442875,4.953864822199444,27,1158
2018-12-31,South,Beauty,18956,9814,3813,2.836030222189832,539,0.07102700180454638,3.367699814584479,28,1306
2018-12-31,East,Sports,18473,14458,3115,3.6514165129065628,890,0.28519283559919506,4.9698734340119,5,773
2018-12-31,West,Beauty,8469,3732,1414,4.2456534786400315,507,0.016205400122070484,3.1235962508773962,21,823
2019-01-31,North,Beauty,17088,8424,2020,2.941348091449953,409,0.27284163313043114,4.836215265862437,12,951
2019-01-31,South,Beauty,16005,13137,3617,3.1980573858993657,874,0.2153013181114095,3.5566537049939906,26,2247
2019-01-31,East,Clothing,11151,8849,3619,3.7022662282000076,393,0.1692583983531999,1.7494607650572425,25,2147
2019-01-31,West,Home Goods,7439,13807,3019,2.069517369744979,917,0.025750818426222517,4.903387543058221,43,2061
2019-02-28,North,Sports,17496,5380,1037,1.1549764059410168,190,0.15944815146502855,4.560132231411206,21,2112
2019-02-28,South,Home Goods,7551,3901,4742,2.470313779002057,347,0.03899099530522056,2.831747249566702,48,1980
2019-02-28,East,Home Goods,9336,14661,1252,1.7503902684096855,292,0.17777196578576493,1.4329452007683052,27,2318
2019-02-28,West,Beauty,8578,14692,4846,4.779630512967154,458,0.2530673993652455,1.307997680643433,44,1621
2019-03-31,North,Home Goods,15687,6895,3513,4.360914515725732,123,0.2204915694963157,3.2698063182560624,13,1897
2019-03-31,South,Beauty,12909,13862,4278,2.822540801177502,597,0.1399003094059516,2.5334950924851083,33,1242
2019-03-31,East,Electronics,18255,7694,2254,3.4946587309417048,386,0.06419599220163023,3.7721094260389307,20,750
2019-03-31,West,Home Goods,16383,14875,3702,4.745732697513285,486,0.16941352814960253,3.064480809250063,15,753
2019-04-30,North,Clothing,7180,8229,1884,0.9366773280969927,281,0.17702853549761371,4.288444355511648,5,1612
2019-04-30,South,Home Goods,5606,7556,4456,3.2280135590745176,987,0.10674858843275041,4.335109148286784,21,831
2019-04-30,East,Beauty,17101,6166,2601,2.5979653727458194,394,0.23315168000249162,4.175209762819167,36,2624
2019-04-30,West,Sports,11873,14227,3077,1.7404880353071808,743,0.22307401486125136,1.3275464627575633,15,2125
2019-05-31,North,Clothing,15524,9148,1779,4.92319180351658,835,0.0734152177461508,4.26725387680123,44,1909
2019-05-31,South,Beauty,15946,6741,4206,0.7368886853694767,248,0.03940346496665859,1.782363273640231,2,757
2019-05-31,East,Clothing,15140,13753,2127,4.060742298722076,393,0.025873103847621502,3.074411930346977,35,719
2019-05-31,West,Home Goods,9903,3949,2716,4.088595980890732,334,0.10402678898920342,2.5680921804576218,47,1072
2019-06-30,North,Sports,7250,13505,3157,3.6878852996299893,930,0.1555683342018327,4.240605100710503,40,2984
2019-06-30,South,Home Goods,10129,14399,2092,2.530215801998001,681,0.24208183644215583,1.7761856199561623,3,1839
2019-06-30,East,Clothing,16132,4318,1452,2.417947008432718,569,0.04115406444376221,2.718446473129517,41,2032
2019-06-30,West,Beauty,5844,8745,1742,2.324710491238611,773,0.17837705398906736,3.6656963029497347,14,1886
2019-07-31,North,Electronics,15591,13730,2226,2.4050659794024356,205,0.04878181707972626,3.822345259047069,21,2100
2019-07-31,South,Electronics,12178,3379,4079,4.788327368830359,648,0.20577364336380471,4.3052775575471,37,2305
2019-07-31,East,Clothing,14757,7041,3117,2.9612149814623954,266,0.22963843770844675,3.265655278766452,46,2001
2019-07-31,West,Electronics,10351,4856,3901,1.4774282622601629,758,0.080509395458734,1.7191471501255622,46,1051
2019-08-31,North,Clothing,16191,13484,2975,4.6764061511243975,750,0.28758216800024344,3.013126880384103,32,1268
2019-08-31,South,Clothing,5770,12870,2577,0.914196561162439,352,0.01667390842333537,3.5306546358544733,20,889
2019-08-31,East,Home Goods,11513,6597,2991,2.153888135494506,682,0.24371676808054962,4.522311699099415,31,1241
2019-08-31,West,Beauty,13496,3352,4951,0.5877344447751102,548,0.2923199532144612,4.318597464173822,0,1491
2019-09-30,North,Sports,5459,14621,2748,2.6071306494493283,488,0.17566147837502832,3.229663020840193,19,2597
2019-09-30,South,Clothing,7414,8952,2679,1.2146615548525768,404,0.2350796888733067,4.151841237552439,4,2153
2019-09-30,East,Electronics,15794,5901,1850,4.922037816358719,990,0.13668431452533106,2.1068862626476266,39,915
2019-09-30,West,Electronics,16694,12933,2547,3.7451781285695507,296,0.15449486394427583,4.982727855280117,31,1775
2019-10-31,North,Beauty,11876,13083,4817,3.9608054174909912,933,0.019987425298218363,1.570279153497915,16,1470
2019-10-31,South,Electronics,12321,9125,1430,1.1340374567689013,178,0.14658347704659652,4.210477696034955,24,2798
2019-10-31,East,Beauty,19172,5923,3543,2.1223713534907986,524,0.06696878163326399,1.4325651988091237,24,2141
2019-10-31,West,Electronics,15575,8916,3560,2.176157696505655,388,0.16032162244717565,1.5876461767004173,9,1585
2019-11-30,North,Home Goods,17772,8169,4707,1.2330524215730332,214,0.29468680637983297,1.1799325828956584,20,2903
2019-11-30,South,Clothing,11430,14828,4619,4.129557844977266,116,0.08086417492122923,4.552454880546839,22,582
2019-11-30,East,Electronics,12529,9322,1573,1.116599654798978,222,0.13697074948615728,3.372116046631086,19,2990
2019-11-30,West,Sports,11294,5811,3170,2.23564693663468,118,0.1065036860571633,1.1137055191915888,44,1910
2019-12-31,North,Beauty,11331,13823,3573,3.0685455132084396,446,0.04662636661656935,4.77993200463305,5,1036
2019-12-31,South,Electronics,18377,12116,1596,4.9244532899824005,794,0.14563741921563989,3.0823204278444583,39,1514
2019-12-31,East,Home Goods,18961,8803,3963,2.8698828825210305,937,0.2624530448306401,3.5053268022558823,30,570
2019-12-31,West,Sports,16372,9384,3674,3.7088398370395654,381,0.2305761647908127,3.5269682188578186,12,715
